%% This BibTeX bibliography file was created using BibDesk.
%% https://bibdesk.sourceforge.io/

%% Created for Thibault CHAUSSON at 2022-09-21 22:17:24 +0200 


%% Saved with string encoding Unicode (UTF-8) 

@misc{ICP,
    title = {\emph{British Heart Foundation}},
    howpublished = {\url{https://www.bhf.org.uk} consult\'e le 10 avril 2023}}

@book{MEI,
    author = {HADDAD Raphaël, BARIC Carline},
    title = {Manuel d’Écriture inclusive},
    year = {2016},
    publisher= {Mots-Clés}}


